/home/philipp/UniversitÃ¤t/Informatik/Master_Informatik/masterarbeit/Arbeit/literature.bib