@book{GarzorzStark18BN,
    title		= {Basics Neuroanatomie},
    author		= {Garzorz-Stark, Natalie},
    publisher	= {Urban and Fischer/Elsevier},
    isbn		= {9783437424588},
    year		= {2018},
    edition		= {2},
    page		= {74, 222}
}
@article{StBoGe17HPM,
    title		= {The hippocampus as a predictive map},
    author		= {Stachenfeld, Kimberly L. and Botvinick, Matthew M. and Gershman, Samuel J.},
    year		= {2017},
    month		= {11},
    doi			= {10.1038/nn.4650},
    publisher	= {Nature America Inc.},
    journal		= {Nature Neuroscience},
    page		= {1643},
    url			= {https://www.nature.com/articles/nn.4650}
}
@book{Trepel17N,
    author		= {Trepel, Martin},
    title		= {Neuroanatomie},
    year		= {2017},
    publisher	= {Elsevier},
    address		= {München},
    ISBN		= {9783437412882},
}


% BILDER

% Ratte im Labyrinth
@online{Stuartlayton13,
    author		= {Stuartlayton},
    year		= {2013},
    month		= {1},
    note		= {Online, accessed on May 14th 2022, License: https://creativecommons.org/licenses/by-sa/3.0/, User on https://en.wikipedia.org/wiki/ (english Wikipedia)},
    url			= {https://commons.wikimedia.org/wiki/File:Place_Cell_Spiking_Activity_Example.png},
}
% Hippocampus und Seepferdchen
@online{Seress10H,
    author		= {Lazlo Seress},
    title		= {Hippocampus and seahorse},
    year		= {2010},
    note		= {Online, accessed on May 27th 2022, License: https://creativecommons.org/licenses/by-sa/3.0/},
    url			= {https://commons.wikimedia.org/wiki/File:Hippocampus_and_seahorse_cropped.JPG},
}
% Gitterzellen mit Gitter
@article{Moser15PGM,
    author 		= {Moser, May-Britt and Rowland, David and Moser, Edvard},
    year 		= {2015},
    month 		= {02},
    pages 		= {a021808},
    title 		= {Place Cells, Grid Cells, and Memory},
    volume 		= {5},
    journal 	= {Cold Spring Harbor perspectives in medicine},
    doi 		= {10.1101/cshperspect.a021808}
}
% Autos im Cognitive Room
@article{BellmundEtAl18NC,
    author		= {Jacob L. S. Bellmund and Peter Gärdenfors and Edvard I. Moser and Christian F. Doeller},
    title		= {Navigating cognition: Spatial codes for human thinking},
    year		= {2018},
    month		= {11},
    day			= {9},
    journal		= {Science},
    volume		= {362},
    issue		= {6415},
    page		= {eaat6766},
    doi			= {10.1126/science.aat6766},
    url			= {https://science.sciencemag.org/content/362/6415/eaat6766},
}
