@book{Niemann83KVM,
   author    = {Niemann, H.},
   title     = {Klassifikation von {M}ustern},
   year      = {1983},
   publisher = {Springer},
   address   = {Heidelberg},
}
@book{HaTiFr17ESL,
	author		= {Hastie, Trevor and Tibshirani, Robert and Friedman, Jerome},
	title		= {The Elements of Statistical Learning},
	year		= {2017},
	publisher	= {Springer},
	address		= {Heidelberg},
}
@book{Trepel17N,
	author		= {Trepel, Martin},
	title		= {Neuroanatomie},
	year		= {2017},
	publisher	= {Elsevier},
	address		= {München},
	ISBN		= {9783437412882},
}
@book{ORFrHa20CCN,
	author		= {O'Reilly, Randall C. and Munakata, Yuko and Frank, Michael J. and E. Hazy, Thomas},
	title		= {Computational Cognitive Neuroscience},
	year		= {2020},
	publisher	= {Open Textbook, freely available},
	note		= {Site of the lab: https://ccnlab.org/},
	url			= {https://compcogneuro.org/},
}
@book{GarzorzStark18BN,
	title		= {Basics Neuroanatomie},
	author		= {Garzorz-Stark, Natalie},
	publisher	= {Urban and Fischer/Elsevier},
	isbn		= {9783437424588},
	year		= {2018},
	edition		= {2},
	page		= {74, 222}
}
@article{Moser15PGM,
	author 		= {Moser, May-Britt and Rowland, David and Moser, Edvard},
	year 		= {2015},
	month 		= {02},
	pages 		= {a021808},
	title 		= {Place Cells, Grid Cells, and Memory},
	volume 		= {5},
	journal 	= {Cold Spring Harbor perspectives in medicine},
	doi 		= {10.1101/cshperspect.a021808}
}
@article{StBoGe17HPM,
	title		= {The hippocampus as a predictive map},
	author		= {Stachenfeld, Kimberly L. and Botvinick, Matthew M. and Gershman, Samuel J.},
	year		= {2017},
	month		= {11},
	doi			= {10.1038/nn.4650},
	publisher	= {Nature America Inc.},
	journal		= {Nature Neuroscience},
	page		= {1643},
	url			= {https://www.nature.com/articles/nn.4650}
}
@article{BellmundEtAl18NC,
	author		= {Jacob L. S. Bellmund and Peter Gärdenfors and Edvard I. Moser and Christian F. Doeller},
	title		= {Navigating cognition: Spatial codes for human thinking},
	year		= {2018},
	month		= {11},
	day			= {9},
	journal		= {Science},
	volume		= {362},
	issue		= {6415},
	page		= {eaat6766},
	doi			= {10.1126/science.aat6766},
	url			= {https://science.sciencemag.org/content/362/6415/eaat6766},
}
@article{Rosenblatt58P,
	author		= {Frank Rosenblatt},
	title		= {The perceptron: a probabilistic model for information storage and organization in the brain},
	journal		= {Psychological review},
	year		= {1958},
	volume		= {65},
	doi			= {https://doi.org/10.1037/h0042519},
	page		= {386-408}
}
@online{Seress10H,
	author		= {Lazlo Seress},
	title		= {Hippocampus and seahorse},
	year		= {2010},
	note		= {Online, accessed on May 27th 2022, License: https://creativecommons.org/licenses/by-sa/3.0/},
	url			= {https://commons.wikimedia.org/wiki/File:Hippocampus_and_seahorse_cropped.JPG},		
}
@online{Stuartlayton13,
	author		= {Stuartlayton},
	year		= {2013},
	month		= {1},
	note		= {Online, accessed on May 14th 2022, License: https://creativecommons.org/licenses/by-sa/3.0/, User on https://en.wikipedia.org/wiki/ (english Wikipedia)},
	url			= {https://commons.wikimedia.org/wiki/File:Place_Cell_Spiking_Activity_Example.png},
}
@online{Nobelprize06,
	title		= {The Nobel Prize in Physiology or Medicine 1906},
	author		= {NobelPrize.org},
	institution	= {Nobel Prize Outreach AB 2022},
	note		= {Online, accessed on June 5th 2022},
	url			= {https://www.nobelprize.org/prizes/medicine/1906/summary/},
}
@online{Nobelprize14,
	title		= {The Nobel Prize in Physiology or Medicine 1906},
	author		= {NobelPrize.org},
	institution	= {Nobel Prize Outreach AB 2022},
	note		= {Online, accessed on June 7th 2022},
	url			= {https://www.nobelprize.org/prizes/medicine/2014/summary/},
}
@online{MikolovEtAl13EEW,
	title		= {Efficient Estimation of Word Representations in Vector Space},
	author		= {Tomas Mikolov and Kai Chen and Greg Corrado and Jeffrey Dean},
	year		= {2013},
	month		= {1},
	day			= {16},
	doi			= {10.48550/arXiv.1301.3781},
	url			= {https://arxiv.org/abs/1301.3781},
	note		= {Online, accessed on June 7th 2022},
}
@online{MikolovEtAl13DRW,
	title		= {Distributed Representations of Words and Phrases and their Compositionality},
	author		= {Tomas Mikolov and Kai Chen and Greg Corrado and Jeffrey Dean},
	year		= {2013},
	month		= {10},
	day			= {16},
	doi			= {10.48550/arXiv.1310.4546},
	url			= {https://arxiv.org/abs/1310.4546},
	note		= {Online, accessed on June 7th 2022},
}
@masterthesis{Stöwer21MA,
	title		= {The Hippocampus and the Successor
Representation~–~An Analysis of the Properties of
the Successor Representation, Place- and Grid
Cells},
	author		= {Paul Stöwer},
	year		= {2021},
	month		= {4},
	day			= {20},
	address		= {Faculty of Computer Science, Friedrich-Alexander-Universität Erlangen-Nürnberg in Erlangen},
}
@lecture{Riess20PA,
	author		= {Riess, Christian},
	title		= {Pattern Analysis, Lecture 02i: Multi-Dimensional Scaling},
	year		= {2020},
	address		= {Faculty of Computer Science, Friedrich-Alexander-Universität Erlangen-Nürnberg in Erlangen},
}
@misc{chollet2015keras,
	title		={Keras},
	author		={Chollet, Fran\c{c}ois and others},
	year		={2015},
	howpublished={\url{https://keras.io}},
}
@Article{harris2020array,
	title 		= {Array programming with {NumPy}},
	author		= {Charles R. Harris and K. Jarrod Millman and St{\'{e}}fan J. van der Walt and Ralf Gommers and Pauli Virtanen and David Cournapeau and Eric Wieser and Julian Taylor and Sebastian Berg and Nathaniel J. Smith and Robert Kern and Matti Picus and Stephan Hoyer and Marten H. van Kerkwijk and Matthew Brett and Allan Haldane and Jaime Fern{\'{a}}ndez del R{\'{i}}o and Mark Wiebe and Pearu Peterson and Pierre G{\'{e}}rard-Marchant and Kevin Sheppard and Tyler Reddy and Warren Weckesser and Hameer Abbasi and Christoph Gohlke and Travis E. Oliphant},
	year        = {2020},
	month       = sep,
	journal     = {Nature},
	volume      = {585},
	number      = {7825},
	pages       = {357--362},
	doi         = {10.1038/s41586-020-2649-2},
	publisher   = {Springer Science and Business Media {LLC}},
	url         = {https://doi.org/10.1038/s41586-020-2649-2},
}
@book{VanRossumEtAl09Python,
	author 		= {Van Rossum, Guido and Drake, Fred L.},
	title 		= {Python 3 Reference Manual},
	year 		= {2009},
	isbn 		= {1441412697},
	publisher 	= {CreateSpace},
	address 	= {Scotts Valley, CA},
} 
@article{ud,
	title		= {Universal Dependencies},
	author		= {Marie-Catherine de Marneffe and Christopher Manning  and Joakim Nivre and Daniel Zeman},
	url			= {https://universaldependencies.org/format.html},
	note		= {Online, accessed on June 9th 2022, Taken from site: Universal Dependencies (UD) is a framework for consistent annotation of grammar (parts of speech, morphological features, and syntactic dependencies) across different human languages.},
	_url			= {http://direct.mit.edu/coli/article-pdf/47/2/255/1938138/coli_a_00402.pdf},
	doi			= {10.1162/COLI_a_00402},
}
@online{udpostags,
	title		= {Universal POS tags},
	author		= {Marie-Catherine de Marneffe and Christopher Manning  and Joakim Nivre and Daniel Zeman},
	url			= {https://universaldependencies.org/u/pos/index.html},
	note		= {Online, accessed on June 19th 2022}
}
@online{pymupdf,
	title		= {pymupdf: PyMuPDF (current version 1.19.6) is a Python binding with support for MuPDF (current version 1.19.*), a lightweight PDF, XPS, and E-book viewer, renderer, and toolkit, which is maintained and developed by Artifex Software, Inc.},
	author = {Jorj X. McKie and Ruikai Liu},
	email		= {jorj.x.mckie@outlook.de},
	url			= {https://github.com/pymupdf/PyMuPDF},
	note		= {Online, accessed on April 10th 2022},
}
@unpublished{spacy2,
	author 		= {Honnibal, Matthew and Montani, Ines},
	title  		= {{spaCy 2}: Natural language understanding with {B}loom embeddings, convolutional neural networks and incremental parsing},
	year   		= {2017},
	url			= {https://spacy.io/}
} 
@book{Glattauer06GGW,
	title		= {Gut gegen Nordwind},
	author		= {Daniel Glattauer},
	publisher	= {Deuticke},
	isbn		= {9783552060418},
	location	= {Vienna},
	year		= {2006},
}
@book{Gaarder96SW,
	author		= {Jostein Gaarder},
	title		= {Sophie's World},
	subtitle	= {A novel about the history of philosophy},
	publisher	= {Berkley},
	location	= {New York},
	year		= {1996},
	isbn		= {0425152251},
}
@book{Wulf16ION,
	title		= {The Invention of Nature},
	subtitle	= {The Adventures of Alexander von Humboldt},
	titleaddon	= {The Lost Hero of Science},
	author		= {Andrea Wulf},
	location	= {London},
	isbn		= {9781848549005},
	publisher	= {John Murray},
	year		= {2016},
	url			= {https://www.andreawulf.com/},
}